<?xml version="1.0" encoding="UTF-8"?><record xmlns="http://www.loc.gov/MARC21/slim" xmlns:cinclude="http://apache.org/cocoon/include/1.0" xmlns:zs="http://www.loc.gov/zing/srw/">
  <leader>00757cz  a2200145n  4500</leader>
  <controlfield tag="001">n  83222166 </controlfield>
  <controlfield tag="003">DLC</controlfield>
  <controlfield tag="005">20081218080859.0</controlfield>
  <controlfield tag="008">830831n| acannaabn          |a ana      </controlfield>
  <datafield tag="010" ind1=" " ind2=" ">
    <subfield code="a">n  83222166 </subfield>
  </datafield>
  <datafield tag="035" ind1=" " ind2=" ">
    <subfield code="a">(OCoLC)oca01028380</subfield>
  </datafield>
  <datafield tag="040" ind1=" " ind2=" ">
    <subfield code="a">DLC</subfield>
    <subfield code="b">eng</subfield>
    <subfield code="c">DLC</subfield>
    <subfield code="d">OCoLC</subfield>
  </datafield>
  <datafield tag="110" ind1="2" ind2=" ">
    <subfield code="a">Kommission zur Überprüfung von Verbesserungsmöglichkeiten in der Hamburger Verwaltung</subfield>
  </datafield>
  <datafield tag="410" ind1="1" ind2=" ">
    <subfield code="a">Hamburg (Germany).</subfield>
    <subfield code="b">Senat.</subfield>
    <subfield code="b">Kommission zur Überprüfung von Verbesserungsmöglichkeiten in der Hamburger Verwaltung</subfield>
  </datafield>
  <datafield tag="670" ind1=" " ind2=" ">
    <subfield code="a">Bericht der Kommission zur Überprüfung ... 1981? (a.e.)</subfield>
    <subfield code="b">v. 1, t.p. (Kommission zur Überprüfung von Verbesserungsmöglichkeiten in der Hamburger Verwaltung) p. 7, 2nd group (appointed by Senat der Freien und Hansestadt Hamburg, 6/3/1980)</subfield>
  </datafield>
</record>